@inproceedings{netdissect2017,
  title={Network Dissection: Quantifying Interpretability of Deep Visual Representations},
  author={Bau, David and Zhou, Bolei and Khosla, Aditya and Oliva, Aude and Torralba, Antonio},
  booktitle={Computer Vision and Pattern Recognition},
  year={2017}
}
@inproceedings{gandissect2019,
 title={GAN Dissection: Visualizing and Understanding Generative Adversarial Networks},
 author={Bau, David and Zhu, Jun-Yan and Strobelt, Hendrik and Zhou, Bolei and Tenenbaum, Joshua B. and Freeman, William T. and Torralba, Antonio},
 booktitle={Proceedings of the International Conference on Learning Representations (ICLR)},
 year={2019}
}
@article{progan2017,
  author    = {Tero Karras and
               Timo Aila and
               Samuli Laine and
               Jaakko Lehtinen},
  title     = {Progressive Growing of GANs for Improved Quality, Stability, and Variation},
  journal   = {CoRR},
  volume    = {abs/1710.10196},
  year      = {2017},
  url       = {http://arxiv.org/abs/1710.10196},
  archivePrefix = {arXiv},
  eprint    = {1710.10196},
  timestamp = {Mon, 13 Aug 2018 16:46:42 +0200},
  biburl    = {https://dblp.org/rec/journals/corr/abs-1710-10196.bib},
  bibsource = {dblp computer science bibliography, https://dblp.org}
}
@article{stylegan2018,
  author    = {Tero Karras and
               Samuli Laine and
               Timo Aila},
  title     = {A Style-Based Generator Architecture for Generative Adversarial Networks},
  journal   = {CoRR},
  volume    = {abs/1812.04948},
  year      = {2018},
  url       = {http://arxiv.org/abs/1812.04948},
  archivePrefix = {arXiv},
  eprint    = {1812.04948},
  timestamp = {Tue, 01 Jan 2019 15:01:25 +0100},
  biburl    = {https://dblp.org/rec/journals/corr/abs-1812-04948.bib},
  bibsource = {dblp computer science bibliography, https://dblp.org}
}
@misc{gan2014,
    title={Generative Adversarial Networks},
    author={Ian J. Goodfellow and Jean Pouget-Abadie and Mehdi Mirza and Bing Xu and David Warde-Farley and Sherjil Ozair and Aaron Courville and Yoshua Bengio},
    year={2014},
    eprint={1406.2661},
    archivePrefix={arXiv},
    primaryClass={stat.ML}
}
@misc{synthesizing2016,
    title={Synthesizing the preferred inputs for neurons in neural networks via deep generator networks},
    author={Anh Nguyen and Alexey Dosovitskiy and Jason Yosinski and Thomas Brox and Jeff Clune},
    year={2016},
    eprint={1605.09304},
    archivePrefix={arXiv},
    primaryClass={cs.NE}
}
@inproceedings{deepvis2015,
Author = {Jason Yosinski and Jeff Clune and Anh Nguyen and Thomas Fuchs and Hod Lipson},
Booktitle = {Deep Learning Workshop, International Conference on Machine Learning (ICML)},
Title = {Understanding Neural Networks Through Deep Visualization},
Year = {2015}}